<?xml version="1.0" encoding="UTF-8"?><record xmlns="http://www.loc.gov/MARC21/slim" xmlns:cinclude="http://apache.org/cocoon/include/1.0" xmlns:zs="http://www.loc.gov/zing/srw/">
  <leader>00618cz  a2200157n  4500</leader>
  <controlfield tag="001">n  94038537 </controlfield>
  <controlfield tag="003">DLC</controlfield>
  <controlfield tag="005">20090601074754.0</controlfield>
  <controlfield tag="008">940420n| acannaabn          |a ana      </controlfield>
  <datafield tag="010" ind1=" " ind2=" ">
    <subfield code="a">n  94038537 </subfield>
  </datafield>
  <datafield tag="035" ind1=" " ind2=" ">
    <subfield code="a">(OCoLC)oca03589975</subfield>
  </datafield>
  <datafield tag="040" ind1=" " ind2=" ">
    <subfield code="a">DLC</subfield>
    <subfield code="b">eng</subfield>
    <subfield code="c">DLC</subfield>
    <subfield code="d">DLC</subfield>
    <subfield code="d">HU</subfield>
  </datafield>
  <datafield tag="110" ind1="2" ind2=" ">
    <subfield code="a">Kazanskoe gubernskoe zemstvo</subfield>
  </datafield>
  <datafield tag="410" ind1="1" ind2=" ">
    <subfield code="a">Kazanskai︠a︡ gubernii︠a︡ (R.S.F.S.R.).</subfield>
    <subfield code="b">Kazanskoe gubernskoe zemstvo</subfield>
  </datafield>
  <datafield tag="670" ind1=" " ind2=" ">
    <subfield code="a">Ot︠s︡i︠e︡nka gorodov, 1903- :</subfield>
    <subfield code="b">v. 1, t.p. (Ot︠s︡i︠e︡nochno-statisticheskoe bi︠u︡ro Kazanskago gubernskago zemstva)</subfield>
  </datafield>
  <datafield tag="670" ind1=" " ind2=" ">
    <subfield code="a">LC data base, 04-20-94</subfield>
    <subfield code="b">(hdg.: Kazanskoe gubernskoe zemstvo)</subfield>
  </datafield>
</record>